@book{alexander2023,
  author    = {J. McKenzie Alexander},
  title     = {Evolutionary Game Theory},
  year      = {2023},
  publisher = {Cambridge University Press}
}

@article{axelrod1981,
  author  = {Robert Axelrod and William D. Hamilton},
  title   = {The evolution of cooperation},
  journal = {Science},
  volume  = {211},
  number  = {4489},
  pages   = {1390--1396},
  year    = {1981}
}

@article{axelrod1988,
  author  = {Robert Axelrod and Douglas Dion},
  title   = {The further evolution of cooperation},
  journal = {Science},
  volume  = {242},
  number  = {4884},
  pages   = {1385--1390},
  year    = {1988}
}

@inproceedings{mathieu1999,
  author    = {Philippe Mathieu and Bruno Beaufils and Jean-Paul Delahaye},
  title     = {Studies on Dynamics in the Classical Iterated Prisonerâ€™s Dilemma with Few Strategies},
  booktitle = {European Conference on Artificial Evolution},
  year      = {1999},
  publisher = {Springer},
  address   = {Berlin Heidelberg}
}
